<record><leader>00000cas a22000007a 4500</leader><controlfield tag="001">18322768</controlfield><controlfield tag="008">880808d189u19uunyuwr ne      0    0eng d</controlfield><datafield ind1=" " ind2=" " tag="010"><subfield code="a">sn 88074632 </subfield></datafield><datafield ind1=" " ind2=" " tag="040"><subfield code="a">NYS</subfield><subfield code="b">eng</subfield><subfield code="c">NYS</subfield><subfield code="d">OCLCQ</subfield></datafield><datafield ind1=" " ind2=" " tag="042"><subfield code="a">msc</subfield></datafield><datafield ind1="0" ind2=" " tag="130"><subfield code="a">Jordan times (Jordan, N.Y.)</subfield></datafield><datafield ind1="1" ind2="0" tag="245"><subfield code="a">Jordan times.</subfield></datafield><datafield ind1=" " ind2=" " tag="260"><subfield code="a">Jordan, Onondaga Co., N.Y. :</subfield><subfield code="b">C.H. Bibbens</subfield></datafield><datafield ind1=" " ind2=" " tag="300"><subfield code="a">v.</subfield></datafield><datafield ind1=" " ind2=" " tag="310"><subfield code="a">Weekly</subfield></datafield><datafield ind1=" " ind2=" " tag="588"><subfield code="a">Description based on: Vol. 12, no. 28 (July 13, 1893).</subfield></datafield><datafield ind1=" " ind2="4" tag="651"><subfield code="a">Jordan (N.Y.)</subfield><subfield code="v">Newspapers.</subfield></datafield><datafield ind1=" " ind2=" " tag="752"><subfield code="a">United States</subfield><subfield code="b">New York</subfield><subfield code="c">Onondaga</subfield><subfield code="d">Jordan.</subfield></datafield><datafield ind1="0" ind2="0" tag="780"><subfield code="t">Weekly times (Jordan, N.Y.)</subfield><subfield code="w">(DLC)sn 92061482</subfield><subfield code="w">(OCoLC)25377266</subfield></datafield><datafield ind1="1" ind2=" " tag="029"><subfield code="a">AU@</subfield><subfield code="b">000020524715</subfield></datafield></record>